<?xml version="1.0" encoding="UTF-8"?><collection xmlns="http://www.loc.gov/MARC21/slim"><record><leader>00442nam--2200145-i-4500</leader><controlfield tag="001">000038325</controlfield><controlfield tag="002">20161230</controlfield><controlfield tag="005">20161230201041</controlfield><controlfield tag="008">060222s1000------------r-----000-0-eng-d</controlfield><datafield ind1=" " ind2=" " tag="080"><subfield code="a">530.12:524.83(061.3)</subfield></datafield><datafield ind1=" " ind2=" " tag="245"><subfield code="a">Relativisti astrophysics and cosmology</subfield></datafield><datafield ind1=" " ind2=" " tag="260"><subfield code="a">Singapore, World Scientific, 1984, Viii + 274p</subfield></datafield><datafield ind1=" " ind2=" " tag="490"><subfield code="a">Proc.Of The Sir Arthur Eddington Centenary Simposiium</subfield></datafield><datafield ind1=" " ind2=" " tag="700"><subfield code="a">Sabbata, De V.And Karade, T.M</subfield></datafield><datafield ind1=" " ind2=" " tag="852"><subfield code="a">73989</subfield></datafield></record></collection>